<?xml version="1.0" encoding="UTF-8"?><collection xmlns="http://www.loc.gov/MARC21/slim"><record><leader>00499nam--2200193-i-4500</leader><controlfield tag="001">000018873</controlfield><controlfield tag="002">20161230</controlfield><controlfield tag="005">20161230201032</controlfield><controlfield tag="008">060222s1000------------r-----000-0-rus-d</controlfield><datafield ind1=" " ind2=" " tag="040"><subfield code="a">IFIN-HH</subfield></datafield><datafield ind1=" " ind2=" " tag="041"><subfield code="a">rus</subfield></datafield><datafield ind1=" " ind2=" " tag="080"><subfield code="a">539.143.43</subfield></datafield><datafield ind1="1" ind2=" " tag="110"><subfield code="a">Kazanskogo Universiteta</subfield></datafield><datafield ind1="1" ind2="0" tag="245"><subfield code="a">Paramagnitnii rezonans</subfield><subfield code="b">Vipusk 5, 6, 8-9,</subfield></datafield><datafield ind1=" " ind2=" " tag="260"><subfield code="b">Kazanskogo Universiteta</subfield><subfield code="c">1969-</subfield></datafield><datafield ind1=" " ind2=" " tag="300"><subfield code="a">6 VIPUSK</subfield></datafield><datafield ind1="1" ind2=" " tag="787"><subfield code="a">Viusk 23</subfield><subfield code="d">1990</subfield><subfield code="h">137p</subfield></datafield><datafield ind1=" " ind2=" " tag="852"><subfield code="a">32233</subfield><subfield code="c">539.143.43</subfield></datafield><datafield ind1=" " ind2=" " tag="CAT"><subfield code="a">Sys</subfield><subfield code="c">20120503</subfield><subfield code="h">155704</subfield></datafield></record></collection>